<record><leader>00000cas a22000007a 4500</leader><controlfield tag="001">9250601</controlfield><controlfield tag="008">830224d1876187umauuu ne      0    0eng d</controlfield><datafield ind1=" " ind2=" " tag="010"><subfield code="a">sn 83020075 </subfield></datafield><datafield ind1=" " ind2=" " tag="040"><subfield code="a">NPX</subfield><subfield code="b">eng</subfield><subfield code="c">NPX</subfield><subfield code="d">OCLCQ</subfield></datafield><datafield ind1=" " ind2=" " tag="042"><subfield code="a">msc</subfield></datafield><datafield ind1="0" ind2="0" tag="245"><subfield code="a">Western Massachusetts farmer.</subfield></datafield><datafield ind1=" " ind2=" " tag="260"><subfield code="a">Barre, Mass. :</subfield><subfield code="b">[s.n.],</subfield><subfield code="c">1876-</subfield></datafield><datafield ind1=" " ind2=" " tag="300"><subfield code="a">v. ;</subfield><subfield code="c">56 cm.</subfield></datafield><datafield ind1="0" ind2=" " tag="362"><subfield code="a">Vol. 1, no. 1 (Sept. 28/29, 1876)-</subfield></datafield><datafield ind1=" " ind2=" " tag="500"><subfield code="a">Printer: Clark W. Bryan &amp; Co., &lt;1876&gt;.</subfield></datafield><datafield ind1=" " ind2=" " tag="752"><subfield code="a">United States</subfield><subfield code="b">Massachusetts</subfield><subfield code="c">Worcester</subfield><subfield code="d">Barre.</subfield></datafield></record>